<record><leader>00000cas a22000007a 4500</leader><controlfield tag="001">13109027</controlfield><controlfield tag="008">860205c18969999wiuwn ne      0    0eng d</controlfield><datafield ind1=" " ind2=" " tag="010"><subfield code="a">sn 86086093 </subfield></datafield><datafield ind1=" " ind2=" " tag="040"><subfield code="a">NPV</subfield><subfield code="b">eng</subfield><subfield code="c">NPV</subfield><subfield code="d">OCLCQ</subfield></datafield><datafield ind1=" " ind2=" " tag="042"><subfield code="a">msc</subfield></datafield><datafield ind1=" " ind2=" " tag="045"><subfield code="a">w9--</subfield></datafield><datafield ind1=" " ind2=" " tag="052"><subfield code="a">4123</subfield><subfield code="b">T7</subfield></datafield><datafield ind1="0" ind2="4" tag="245"><subfield code="a">The Blair press.</subfield></datafield><datafield ind1="1" ind2="3" tag="246"><subfield code="a">Ettrick advance</subfield></datafield><datafield ind1=" " ind2=" " tag="260"><subfield code="a">Blair, Wis. :</subfield><subfield code="b">Blair Press Pub.</subfield></datafield><datafield ind1=" " ind2=" " tag="300"><subfield code="a">v. :</subfield><subfield code="b">ill.</subfield></datafield><datafield ind1=" " ind2=" " tag="310"><subfield code="a">Weekly, except one week in Jan. and one week in July</subfield></datafield><datafield ind1=" " ind2=" " tag="321"><subfield code="a">Weekly,</subfield><subfield code="b">&lt;Vol. 12, no. 44 (Oct 29, 1908)&gt;-v. 78, no. 27 (July 14,1977)</subfield></datafield><datafield ind1="1" ind2=" " tag="362"><subfield code="a">Began 1896.</subfield><subfield code="z">Cf. Oehlerts, d. E. Guide to Wis. newspapers.</subfield></datafield><datafield ind1=" " ind2=" " tag="500"><subfield code="a">Publisher varies.</subfield></datafield><datafield ind1=" " ind2=" " tag="500"><subfield code="a">Added masthead: The Ettrick advance, Vol. 58, no. 40 (Nov. 15, 1956)-</subfield></datafield><datafield ind1=" " ind2=" " tag="500"><subfield code="a">Editors: P.J. Fauteck, &lt;Jan. 1, 1914&gt;-Oct. 8, 1914; C. Amundson, Oct. 29, 1914-&lt;Dec. 30, 1914&gt;; H.C. Kirkpatrick, June 10, 1920-Jan. 18, 1923; D. Huibregtse, Jan. 4, 1954-Oct. 13, 1966; A.B. Reitz, Oct. 20, 1966-March 30, 1972; G. Hjornevik, April 6, 1972-May 25, 1978; B. Wiese, July 6, 1978-Jan. 15, 1981; G. Hjornevik, Jan. 22, 1981-</subfield></datafield><datafield ind1=" " ind2=" " tag="530"><subfield code="a">Available on microfilm from The State Historical Society of Wisconsin.</subfield></datafield><datafield ind1=" " ind2=" " tag="588"><subfield code="a">Description based on: Vol. 12, no. 44 (Oct. 29, 1908).</subfield></datafield><datafield ind1=" " ind2=" " tag="752"><subfield code="a">United States</subfield><subfield code="b">Wisconsin</subfield><subfield code="c">Trempealeau</subfield><subfield code="d">Blair.</subfield></datafield><datafield ind1=" " ind2=" " tag="752"><subfield code="a">United States</subfield><subfield code="b">Wisconsin</subfield><subfield code="c">Trempealeau</subfield><subfield code="d">Ettrick.</subfield></datafield><datafield ind1="0" ind2="5" tag="780"><subfield code="t">Ettrick advance</subfield><subfield code="w">(DLC)sn 85041471</subfield></datafield><datafield ind1="1" ind2=" " tag="029"><subfield code="a">AU@</subfield><subfield code="b">000025287410</subfield></datafield></record>